@book{opencl-1,
  hyphenation = {english},
  author = {Banger,Ravishekhar,Bhattacharyya, Koushik},
  pages = {304},
  title = {OpenCL Programming by Example},
  year = {2013}
}
@misc{opencl-2,
   author = {Wikipedia},
   title = {LaTeX --- Wikipedia{,} The Free Encyclopedia},
   year = {2014},
   url = {http://en.wikipedia.org/w/index.php?title=LaTeX&oldid=413720397},
   note = {Online; accessed 6-September-2014} 
}
@online{pdf-license,
	author = {Frank Mittelbach},
	title = {Is a PDF output from a LaTeX document, a “derived work” from the LPPL standard packages?},
	year = {2012},
	url = {http://tex.stackexchange.com/questions/82713/is-a-pdf-output-from-a-latex-document-a-derived-work-from-the-lppl-standard-p},
	note = {Online; accessed 6-September-2014},
}
@online{europe-copyright,
	author = {European Parliament},
	title = {Directive 2009/24/EC of the European Parliament and of the Council of 23 April 2009 on the legal protection of computer programs},
	year = {2009},
	url = {http://eur-lex.europa.eu/legal-content/EN/ALL/;ELX_SESSIONID=9zyGJMmVgxnf3yVpTg8B1rSJchKvpGhY9VRCfswzf3cDGdGJ6vcL!390981438?uri=CELEX:32009L0024},
	note = {Online; accessed 6-September-2014},
}
@online{osi-definition,
	author = {Open Source Initiative},
	title = {The Open Source Definition (Annotated)},
	year = {2014},
	url = {http://opensource.org/docs/osd},
	note = {Online; accessed 7-September-2014},
}
@online{gpugrid-1,
	author = {GPUGRID.net},
	title = {Volunteer computing for biomedicine},
	year = {2014},
	url = {http://www.gpugrid.net/about.php},
	note = {Online; accessed 27-September-2014},
}
@online{gpugrid-2,
	author = {GPUGRID.net},
	title = {Volunteer computing for biomedicine},
	year = {2014},
	url = {http://www.gpugrid.net/science.php},
	note = {Online; accessed 27-September-2014},
}

@misc{geoinformatics-1,
   author = {Hori M, Ichimura T and Oguni K},
   title = {Development of Integrated Earthquake Simulation for Estimation of Strong 
Ground Motion, Structural Responses and Human Action in Urban Areas},
   year = {2006}
}
@misc{geoinformatics-2,
   author = {Hori M and Ichimura T},
   title = {Current state of integrated earthquake simulation for earthquake hazard and disaster},
   year = {2008}
}

@misc{geoinformatics-3,
   author = {Lalith M and Hori M},
   title = {Application of high performance computation for the prediction of urban area earthquake 
disaster},
   year = {2011}
}
@misc{geoinformatics-4,
   author = {Sobhaninejad G, Hori M and Kabeyasawa T},
   title = {Enhancing integrated earthquake simulation with high performance 
computing},
   year = {2011}
}
@misc{geoinformatics-5,
   author = {Kirk DB, Hwu WW},
   title = {Programming Massively Parallel Processors. Elsevier. Morgan Kaufmann},
   year = {2013}
}

@article{astrophysics,
   author={Portegies Zwart, S. and {B{‘e}dorf}, J.},
   title={"{Computational Gravitational Dynamics with Modern Numerical Accelerators}"},
   journal={ArXiv e-prints},
   archivePrefix={"arXiv"},
   eprint={1409.5474},
   primaryClass={"astro-ph.IM"},
   keywords={Astrophysics – Instrumentation and Methods for Astrophysics, Astrophysics – Astrophysics of Galaxies, Computer Science – Other Computer Science},
   year={2014},
   month={sep},
   adsurl={http://adsabs.harvard.edu/abs/2014arXiv1409.5474P},
   adsnote={Provided by the SAO/NASA Astrophysics Data System}
}